@article{Adam2024,
  author  = {Martin Adam and Christopher Diebel and Marc Goutier and Alexander Benlian},
  doi     = {10.1016/j.dss.2024.114193},
  issn    = {01679236},
  journal = {Decision Support Systems},
  month   = {5},
  pages   = {114193},
  title   = {Navigating autonomy and control in human-AI delegation: User responses to technology- versus user-invoked task allocation},
  volume  = {180},
  url     = {https://linkinghub.elsevier.com/retrieve/pii/S0167923624000265},
  year    = {2024}
}

@online{Anthropic2024,
  author = {{Anthropic PBC}},
  title  = {Meet Claude},
  url    = {https://www.anthropic.com/claude},
  year   = {2024}
}

@online{AWS2024,
  author = {Amazon Web Services},
  title  = {Amazon Q Developer},
  url    = {https://aws.amazon.com/q/developer/},
  year   = {2024}
}

@article{BarredoArieta2020,
  author  = {Alejandro Barredo Arrieta and Natalia Díaz-Rodríguez and Javier Del Ser and Adrien Bennetot and Siham Tabik and Alberto Barbado and Salvador Garcia and Sergio Gil-Lopez and Daniel Molina and Richard Benjamins and Raja Chatila and Francisco Herrera},
  doi     = {10.1016/j.inffus.2019.12.012},
  issn    = {15662535},
  journal = {Information Fusion},
  month   = {6},
  pages   = {82-115},
  title   = {Explainable Artificial Intelligence (XAI): Concepts, taxonomies, opportunities and challenges toward responsible AI},
  volume  = {58},
  url     = {https://linkinghub.elsevier.com/retrieve/pii/S1566253519308103},
  year    = {2020}
}


@article{Bienefeld2023,
  author  = {Nadine Bienefeld and Jens Michael Boss and Rahel Lüthy and Dominique Brodbeck and Jan Azzati and Mirco Blaser and Jan Willms and Emanuela Keller},
  doi     = {10.1038/s41746-023-00837-4},
  issn    = {2398-6352},
  issue   = {1},
  journal = {npj Digital Medicine},
  month   = {5},
  pages   = {94},
  title   = {Solving the explainable AI conundrum by bridging clinicians’ needs and developers’ goals},
  volume  = {6},
  year    = {2023}
}

@article{Dwivedi2021,
  author  = {Yogesh K. Dwivedi and Laurie Hughes and Elvira Ismagilova and Gert Aarts and Crispin Coombs and Tom Crick and Yanqing Duan and Rohita Dwivedi and John Edwards and Aled Eirug and Vassilis Galanos and P. Vigneswara Ilavarasan and Marijn Janssen and Paul Jones and Arpan Kumar Kar and Hatice Kizgin and Bianca Kronemann and Banita Lal and Biagio Lucini and Rony Medaglia and Kenneth Le Meunier-FitzHugh and Leslie Caroline Le Meunier-FitzHugh and Santosh Misra and Emmanuel Mogaji and Sujeet Kumar Sharma and Jang Bahadur Singh and Vishnupriya Raghavan and Ramakrishnan Raman and Nripendra P. Rana and Spyridon Samothrakis and Jak Spencer and Kuttimani Tamilmani and Annie Tubadji and Paul Walton and Michael D. Williams},
  doi     = {10.1016/j.ijinfomgt.2019.08.002},
  issn    = {02684012},
  journal = {International Journal of Information Management},
  title   = {Artificial Intelligence (AI): Multidisciplinary perspectives on emerging challenges, opportunities, and agenda for research, practice and policy},
  volume  = {57},
  year    = {2021}
}

@article{Gemini2023,
  author = {{Gemini Team}},
  month  = {12},
  title  = {Gemini: A Family of Highly Capable Multimodal Models},
  url    = {http://arxiv.org/abs/2312.11805v1},
  year   = {2023}
}

@article{Gemini2024,
  author = {{Gemini Team}},
  month  = {3},
  title  = {Gemini 1.5: Unlocking multimodal understanding across millions of tokens of context},
  url    = {http://arxiv.org/abs/2403.05530},
  year   = {2024}
}

@misc{GitHub2024,
  author = {{GitHub Inc}},
  title  = {GitHub Copilot - Your AI par programmer},
  url    = {https://github.com/features/copilot},
  year   = {2024}
}

@article{Jussupow2021,
  author  = {Ekaterina Jussupow and Kai Spohrer and Armin Heinzl and Joshua Gawlitza},
  doi     = {10.1287/isre.2020.0980},
  issn    = {1047-7047},
  issue   = {3},
  journal = {Information Systems Research},
  month   = {9},
  pages   = {713-735},
  title   = {Augmenting Medical Diagnosis Decisions? An Investigation into Physicians' Decision-Making Process with Artificial Intelligence},
  volume  = {32},
  url     = {https://pubsonline.informs.org/doi/10.1287/isre.2020.0980},
  year    = {2021}
}

@inproceedings{Kazemitabaar2024,
  author    = {Kazemitabaar, Majeed and Williams, Jack and Drosos, Ian and Grossman, Tovi and Henley, Austin Zachary and Negreanu, Carina and Sarkar, Advait},
  title     = {Improving Steering and Verification in AI-Assisted Data Analysis with Interactive Task Decomposition},
  year      = {2024},
  isbn      = {9798400706288},
  publisher = {Association for Computing Machinery},
  address   = {New York, NY, USA},
  url       = {https://doi.org/10.1145/3654777.3676345},
  doi       = {10.1145/3654777.3676345},
  booktitle = {Proceedings of the 37th Annual ACM Symposium on User Interface Software and Technology},
  articleno = {92},
  numpages  = {19},
  keywords  = {AI Agents, Copilot, Data Analysis, Data Science Assistant, Generative AI, Human-AI Interaction, Large Language Models},
  location  = {Pittsburgh, PA, USA},
  series    = {UIST '24}
}

@article{Kumar2023,
  author  = {Yogesh Kumar and Apeksha Koul and Ruchi Singla and Muhammad Fazal Ijaz},
  doi     = {10.1007/s12652-021-03612-z},
  issn    = {1868-5137},
  issue   = {7},
  journal = {Journal of Ambient Intelligence and Humanized Computing},
  month   = {7},
  pages   = {8459-8486},
  title   = {Artificial intelligence in disease diagnosis: a systematic literature review, synthesizing framework and future research agenda},
  volume  = {14},
  year    = {2023}
}

@article{Kutyauripo2023,
  author  = {Innocent Kutyauripo and Munyaradzi Rushambwa and Lyndah Chiwazi},
  doi     = {10.1016/j.jafr.2023.100502},
  issn    = {26661543},
  journal = {Journal of Agriculture and Food Research},
  month   = {3},
  pages   = {100502},
  title   = {Artificial intelligence applications in the agrifood sectors},
  volume  = {11},
  year    = {2023}
}

@article{Lundberg2017,
  author = {Scott Lundberg and Su-In Lee},
  month  = {5},
  title  = {A Unified Approach to Interpreting Model Predictions},
  url    = {http://arxiv.org/abs/1705.07874},
  year   = {2017}
}

@online{OpenAI2022,
  author = {{OpenAI}},
  month  = {11},
  title  = {Introducing ChatGPT},
  url    = {https://openai.com/index/chatgpt/},
  year   = {2022}
}

@online{OpenAI2024a,
  author = {{OpenAI}},
  month  = {9},
  title  = {Learning to Reason with LLMs},
  url    = {https://openai.com/index/learning-to-reason-with-llms/},
  year   = {2024}
}

@misc{OpenAI2024b,
  author = {{OpenAI}},
  month  = {9},
  title  = {Introducing OpenAI o1-preview},
  url    = {https://openai.com/index/introducing-openai-o1-preview/},
  year   = {2024}
}

@article{Rai2020,
  author  = {Arun Rai},
  doi     = {10.1007/s11747-019-00710-5},
  issn    = {0092-0703},
  issue   = {1},
  journal = {Journal of the Academy of Marketing Science},
  month   = {1},
  pages   = {137-141},
  title   = {Explainable AI: from black box to glass box},
  volume  = {48},
  url     = {http://link.springer.com/10.1007/s11747-019-00710-5},
  year    = {2020}
}

@article{Rajpurkar2022,
  author  = {Pranav Rajpurkar and Emma Chen and Oishi Banerjee and Eric J. Topol},
  doi     = {10.1038/s41591-021-01614-0},
  issn    = {1078-8956},
  issue   = {1},
  journal = {Nature Medicine},
  month   = {1},
  pages   = {31-38},
  title   = {AI in health and medicine},
  volume  = {28},
  url     = {https://www.nature.com/articles/s41591-021-01614-0},
  year    = {2022}
}

@article{Ribeiro2016,
  author = {Marco Tulio Ribeiro and Sameer Singh and Carlos Guestrin},
  month  = {2},
  title  = {"Why Should I Trust You?": Explaining the Predictions of Any Classifier},
  url    = {http://arxiv.org/abs/1602.04938},
  year   = {2016}
}

@article{Rombach2021,
  author = {Robin Rombach and Andreas Blattmann and Dominik Lorenz and Patrick Esser and Björn Ommer},
  month  = {12},
  title  = {High-Resolution Image Synthesis with Latent Diffusion Models},
  url    = {http://arxiv.org/abs/2112.10752},
  year   = {2021}
}


@article{Shin2021,
  author  = {Donghee Shin},
  doi     = {10.1016/j.ijhcs.2020.102551},
  issn    = {10715819},
  journal = {International Journal of Human-Computer Studies},
  month   = {2},
  pages   = {102551},
  title   = {The effects of explainability and causability on perception, trust, and acceptance: Implications for explainable AI},
  volume  = {146},
  year    = {2021}
}

@article{Zeba2021,
  author  = {Gordana Zeba and Marina Dabić and Mirjana Čičak and Tugrul Daim and Haydar Yalcin},
  doi     = {10.1016/j.techfore.2021.120971},
  issn    = {00401625},
  journal = {Technological Forecasting and Social Change},
  title   = {Technology mining: Artificial intelligence in manufacturing},
  volume  = {171},
  year    = {2021}
}
